@TECHREPORT{projektkurs,
   author = "Per Avellan-Hultman and Fredrik Bengtsson and Peter Birath and Patrik Bj�rklund and Andreas Dahl and Gustav {Eriksson Helle} and Magnus Gustafsson and Robert Johnsson and Fredrik Karlsson and Mattias Kastman and Kristin Larsson and Hans Lindgren and Anders Lindh and Johan Lothigius and Jonas Nilsson and Lena Olofsson and Jessica Persson and Claes Ragnarsson and Anders Zachrison",
   title = "Elektrohydraulisk lastsimulator f�r roderservo i flygplan",
	institution = "Link�ping University, Department of Mechanical Engineering",
   year = 2001
   }

@MASTERSTHESIS{exjobb,
   author = "Johan Andersson and Thomas Herres",
   title = "Modellering och simulering av det hydrauliska f�rs�rjningssystemet till Saab 2000",
   school = "Link�ping University",
   year = 1997
   } 

@MISC{formelsamling,
   author = "Karl-Erik Rydberg",
   title = "Formelsamling i Hydraulik och pneumatik",
   school = "Link�ping University",
   year = 1995
   } 

@MISC{tmhp51,
   author = "Karl-Erik Rydberg",
   title = "Hydraulic Servo Systems",
   school = "Link�ping University",
   year = 2008
   } 

@BOOK{reglerteknik,
   author = "Torkel Glad and Lennart Ljung",
   title = "Reglerteknik - Grundl�ggande teori",
   publisher = "Studentlitteratur",
   year = 2006,
	edition = 4
   } 

@BOOK{reglerteori,
   author = "Torkel Glad and Lennart Ljung",
   title = "Reglerteori",
   publisher = "Studentlitteratur",
   year = 2003,
	edition = 2
   }

@BOOK{modellbygge,
   author = "Torkel Glad and Lennart Ljung",
   title = "Modellbygge och simulering",
   publisher = "Studentlitteratur",
   year = 2004,
	edition = 2
   }

@BOOK{strukturdynamik,
   author = "Leonard Meirovitch",
   title = "Fundamentals of Vibrations",
   publisher = "McGraw-Hill",
   year = 2001
   }

@MISC{embedded_dot_com,
	author = "Martin Gomez",
	title = "Hardware-in-the-Loop Simulation",
	URL = "http://www.embedded.com/story/OEG20011129S0054",
	year = 2001,
	note = "Cited 25 March 2009"
}

@MANUAL{labview_getting_started,
	title = "Geting Started with LabVIEW",
	organization = "National Instruments",
	year = 2007,
	month = "August",
	URL = "http://www.ni.com/pdf/manuals/373427c.pdf"
}

@MANUAL{labview_sit_guide,
	title = "LabVIEW Simulation Interface Toolket User Guide",
	organization = "National Instruments",
	year = 2003,
	month = "October",
	URL = "http://www.ni.com/pdf/manuals/370420b.pdf"
}

@MANUAL{labview_external_code,
	title = "Using External Code in LabVIEW",
	organization = "National Instruments",
	year = 2003,
	month = "April",
	URL = "http://www.ni.com/pdf/manuals/370109b.pdf"
}

@TECHREPORT{hwil_rig_projektkurs,
	author = "Jonas Ek",
   title = "HWIL Rig Technical Documentation",
	institution = "Link�ping University, Department of Mechanical Engineering",
   year = 2006,
	month = "may"
}	

@MISC{simulink_to_dll,
	title = "From Simulink model to DLL - A tutorial",
	author = "Roland Pfeiffer",
	year = 2006,
	month = "January",
	URL = "http://www.mathworks.com/matlabcentral/fileexchange/9709"
}
